
@misc{IEA-Data,
  author = {{National Integrated Ecosystem Assessment Program}},
  title = {National Integrated Ecosystem Assessment Program},
  howpublished = {https://www.integratedecosystemassessment.noaa.gov/ecosystem-status-reports},
  publisher = {{U.S. Dep. Commer.}},
  copyright = {Public Domain} 
}
