%  *****************************************************************************
%  * IEA BibText File Repo *
%  *****************************************************************************
%  * Table of contents: 
%  *     Publications, organized in author-alphabetical order
%  *     Survey Data Reports, organized in survey and descending chronological order
%  *     Plan team/stock assessment publications, author-alphabetical order
%  *     Presentations, descending chronological order
%  *     Data platforms and sources, source name-alphabetical order
%  *****************************************************************************


%  *****************************************************************************
%  * Publications
%  *****************************************************************************
% Please organize in author-alphabetical order

%  * A *************************************************************************
%  * B *************************************************************************
%  * C *************************************************************************
%  * D *************************************************************************
%  * E *************************************************************************
%  * F *************************************************************************
%  * G *************************************************************************
%  * H *************************************************************************
%  * I *************************************************************************
%  * J *************************************************************************
%  * K *************************************************************************
%  * L *************************************************************************
%  * M *************************************************************************

@techreport{2023NEBS,
  author = {Markowitz, E. H. and Dawson, E. J. and Wassermann, S. and Anderson, A. B. and Rohan, S. K. and Charriere, B. K. and Stevenson, D. E.},
  title = {Results of the 2023 eastern and northern {Bering Sea} continental shelf bottom trawl survey of groundfish and invertebrate fauna},
  publisher = {{U.S. Dep. Commer.}},
  year = {2024},
  number = {NMFS-AFSC-487},
  pages = {242}, 
  type = {NOAA Tech. Memo.},
  copyright = {Public domain}, 
  doi = {10.25923/2mry-yx09}, 
  url = {https://repository.library.noaa.gov/view/noaa/61492}
}


%  * N *************************************************************************
%  * O *************************************************************************
%  * P *************************************************************************
%  * Q *************************************************************************
%  * R *************************************************************************
%  * S *************************************************************************
%  * T *************************************************************************
%  * U *************************************************************************
%  * V *************************************************************************
%  * W *************************************************************************
%  * X *************************************************************************
%  * Y *************************************************************************
%  * Z *************************************************************************


%  *****************************************************************************
%  * Region websites
%  *****************************************************************************
%  Notes: Source name-alphabetical order

@misc{IEAAlaska, 
  title={Ecosystem status reports for the Gulf of Alaska, Bering Sea and Aleutian Islands}, 
  url={https://www.fisheries.noaa.gov/alaska/ecosystems/ecosystem-status-reports-gulf-alaska-bering-sea-and-aleutian-islands}, 
  journal={NOAA},
  author={Fisheries, NOAA}, 
  year={2025}, 
  month={Mar}} 
  
  
@misc{IEACaliforniaCurrent, 
  title={California Current Reports | Integrated Ecosystem Assessment}, 
  url={https://www.integratedecosystemassessment.noaa.gov/regions/california-current/california-current-reports}, 
  journal={NOAA},
  author={Fisheries, NOAA}, 
  year={2025}, 
  month={Mar}} 
  
  
 @misc{IEAGulfOfAmerica, 
  title={Gulf of America Reports | Integrated Ecosystem Assessment}, 
  url={https://www.integratedecosystemassessment.noaa.gov/regions/gulf-mexico/gulf-mexico-ecosystem-status-reports#gulf-of-mexico-ecosystem-status-report}, 
  journal={NOAA},
  author={Fisheries, NOAA}, 
  year={2025}, 
  month={Mar}} 
  
 @misc{IEAHawaii, 
  title={Hawai'i Reports | Integrated Ecosystem Assessment}, 
  url={https://www.integratedecosystemassessment.noaa.gov/regions/hawaii/hawaii-ecosystem-status-reports}, 
  journal={NOAA},
  author={Fisheries, NOAA}, 
  year={2025}, 
  month={Mar}} 
  
@misc{IEANortheast, 
  title={Northeast US Reports | Integrated Ecosystem Assessment}, 
  url={https://www.integratedecosystemassessment.noaa.gov/regions/northeast/northeast-ecosystem-status-reports}, 
  journal={NOAA},
  author={Fisheries, NOAA}, 
  year={2025}, 
  month={Mar}} 
  
@misc{IEASoutheast, 
  title={Southeast US Reports | Integrated Ecosystem Assessment}, 
  url={https://www.integratedecosystemassessment.noaa.gov/regions/gulf-mexico/south-atlantic-ecosystem-status-report}, 
  journal={NOAA},
  author={Fisheries, NOAA}, 
  year={2025}, 
  month={Mar}} 

%  *****************************************************************************
%  * Data platforms and sources
%  *****************************************************************************
%  Notes: Source name-alphabetical order


@misc{GAPakfin,
  author = {{Alaska Fisheries Information Network (AKFIN)}}, 
  institution = {{NOAA Fisheries Alaska Fisheries Science Center, Goundfish Assessment Program}},
  year = {2024}, 
  title = {AFSC Goundfish Assessment Program Design-Based Production Data},
  howpublished = {https://akfinbi.psmfc.org/analytics/},
  url = {https://www.psmfc.org/program/alaska-fisheries-information-network-akfin},
  publisher = {{U.S. Dep. Commer.}},
  copyright = {Public Domain} 
}

@misc{DisMAPDataPortal,
  author = {{NOAA Fisheries}},
  year = {2023}, 
  title = {Distribution Mapping and Analysis Portal (DisMAP) data records},
  howpublished = {https://apps-st.fisheries.noaa.gov/dismap/},
  publisher = {{U.S. Dep. Commer.}},
  copyright = {Public Domain} 
}






